%% https://www.microsoft.com/en-us/research/wp-content/uploads/2016/07/podc16-complete.pdf
@inproceedings{Attiya:2016kh,
author = {Attiya, Hagit and Burckhardt, Sebastian and Gotsman, Alexey and Morrison, Adam and Yang, Hongseok and Zawirski, Marek},
title = {Specification and Complexity of Collaborative Text Editing},
booktitle = {ACM Symposium on Principles of Distributed Computing (PODC)},
year = {2016},
pages = {259--268},
month = jul,
doi = {10.1145/2933057.2933090}
}
