%% https://www.microsoft.com/en-us/research/wp-content/uploads/2016/07/podc16-complete.pdf
@inproceedings{Attiya:2016kh,
author = {Attiya, Hagit and Burckhardt, Sebastian and Gotsman, Alexey and Morrison, Adam and Yang, Hongseok and Zawirski, Marek},
title = {Specification and Complexity of Collaborative Text Editing},
booktitle = {ACM Symposium on Principles of Distributed Computing (PODC)},
year = {2016},
pages = {259--268},
month = jul,
doi = {10.1145/2933057.2933090}
}

%% http://www.ds.ewi.tudelft.nl/~victor/polo.pdf
@inproceedings{Grishchenko:2014eh,
author = {Grishchenko, Victor},
title = {{Citrea} and {Swarm}: Partially ordered op logs in the browser},
booktitle = {1st Workshop on Principles and Practice of Eventual Consistency (PaPEC)},
year = {2014},
month = apr,
doi = {10.1145/2596631.2596641}
}

%%%%%%% General distributed systems stuff

%% http://courses.csail.mit.edu/6.852/08/papers/CT96-JACM.pdf
@article{Chandra:1996cp,
author = {Chandra, Tushar Deepak and Toueg, Sam},
title = {Unreliable Failure Detectors for Reliable Distributed Systems},
journal = {Journal of the ACM},
year = {1996},
volume = {43},
number = {2},
pages = {225--267},
month = mar,
doi = {10.1145/226643.226647}
}

%% http://www.cs.technion.ac.il/people/mad/online-publications/podc2015-replds.pdf
@inproceedings{Attiya:2015dm,
author = {Attiya, Hagit and Ellen, Faith and Morrison, Adam},
title = {Limitations of Highly-Available Eventually-Consistent Data Stores},
booktitle = {ACM Symposium on Principles of Distributed Computing (PODC)},
year = {2015},
month = jul,
doi = {10.1145/2767386.2767419}
}

%% http://apps.cs.utexas.edu/tech_reports/reports/tr/TR-2036.pdf
@techreport{Mahajan:2011wz,
author = {Mahajan, Prince and Alvisi, Lorenzo and Dahlin, Mike},
title = {Consistency, Availability, and Convergence},
year = {2011},
number = {UTCS TR-11-22},
month = may,
publisher = {University of Texas at Austin, Department of Computer Science}
}

%% https://www.cs.cmu.edu/~dga/papers/cops-sosp2011.pdf
@inproceedings{Lloyd:2011hz,
author = {Lloyd, Wyatt and Freedman, Michael J and Kaminsky, Michael and Andersen, David G},
title = {Don't settle for eventual: Scalable causal consistency for wide-area storage with {COPS}},
booktitle = {23rd ACM Symposium on Operating Systems Principles (SOSP)},
year = {2011},
pages = {401--416},
doi = {10.1145/2043556.2043593}
}

%% http://delab.csd.auth.gr/~dimitris/courses/mpc_fall05/papers/invalidation/acm_csur85_partitioned_network_consistency.pdf
@article{Davidson:1985hv,
author = {Davidson, Susan B and Garcia-Molina, Hector and Skeen, Dale},
title = {Consistency in Partitioned Networks},
journal = {ACM Computing Surveys},
year = {1985},
volume = {17},
number = {3},
pages = {341--370},
month = sep,
doi = {10.1145/5505.5508}
}

%% http://citeseerx.ist.psu.edu/viewdoc/download?doi=10.1.1.71.2269&rep=rep1&type=pdf
@inproceedings{Terry:1994fp,
author = {Terry, Douglas B and Demers, Alan J and Petersen, Karin and Spreitzer, Mike J and Theimer, Marvin M and Welch, Brent B},
title = {Session Guarantees for Weakly Consistent Replicated Data},
booktitle = {3rd International Conference on Parallel and Distributed Information Systems (PDIS)},
year = {1994},
pages = {140--149},
month = sep,
doi = {10.1109/PDIS.1994.331722}
}

%% http://www.distributedprogramming.net/
@book{Cachin:2011wt,
author = {Cachin, Christian and Guerraoui, Rachid and Rodrigues, Lu{\'\i}s},
title = {Introduction to Reliable and Secure Distributed Programming},
publisher = {Springer},
year = {2011},
edition = {second},
month = feb,
doi = {10.1007/978-3-642-15260-3},
isbn = {978-3-642-15259-7}
}

%% https://queue.acm.org/detail.cfm?id=2655736
@article{Bailis:2014jx,
author = {Bailis, Peter and Kingsbury, Kyle},
title = {The Network is Reliable},
journal = {ACM Queue},
year = {2014},
volume = {12},
number = {7},
month = jul,
doi = {10.1145/2639988.2639988}
}

%% http://charlotte.ucsd.edu/classes/sp00/cse223/flp.pdf
@article{Fischer:1985tt,
author = {Fischer, Michael J and Lynch, Nancy A and Paterson, Michael S},
title = {Impossibility of Distributed Consensus with One Faulty Process},
journal = {Journal of the ACM},
year = {1985},
volume = {32},
number = {2},
pages = {374--382},
month = apr,
doi = {10.1145/3149.214121}
}

%% https://cs.brown.edu/~mph/Herlihy91/p124-herlihy.pdf
@article{Herlihy:1991gk,
author = {Herlihy, Maurice P},
title = {Wait-free synchronization},
journal = {ACM Transactions on Programming Languages and Systems (TOPLAS)},
year = {1991},
volume = {13},
number = {1},
pages = {124--149},
month = jan,
doi = {10.1145/114005.102808}
}

%% https://www.cs.cornell.edu/fbs/publications/DefLiveness.pdf
@article{Alpern:1985dg,
author = {Alpern, Bowen and Schneider, Fred B},
title = {Defining Liveness},
journal = {Information Processing Letters},
year = {1985},
volume = {21},
number = {4},
pages = {181--185},
month = oct,
doi = {10.1016/0020-0190(85)90056-0}
}

%% http://www.nowpublishers.com/articles/foundations-and-trends-in-programming-languages/PGL-011
@article{Burckhardt:2014hy,
author = {Burckhardt, Sebastian},
title = {Principles of Eventual Consistency},
journal = {Foundations and Trends in Programming Languages},
year = {2014},
volume = {1},
number = {1-2},
pages = {1--150},
month = oct,
doi = {10.1561/2500000011}
}

%% http://cacm.acm.org/magazines/2009/1/15666-eventually-consistent/fulltext
@article{Vogels:2009ca,
author = {Vogels, Werner},
title = {Eventually consistent},
journal = {Communications of the ACM},
year = {2009},
volume = {52},
number = {1},
pages = {40--44},
month = jan,
doi = {10.1145/1435417.1435432}
}

%% http://queue.acm.org/detail.cfm?id=2462076
@article{Bailis:2013jc,
author = {Bailis, Peter and Ghodsi, Ali},
title = {Eventual Consistency Today: Limitations, Extensions, and Beyond},
journal = {ACM Queue},
year = {2013},
volume = {11},
number = {3},
month = mar,
doi = {10.1145/2460276.2462076}
}

%% https://queue.acm.org/detail.cfm?id=2745385
@article{Sheehy:2015jm,
author = {Sheehy, Justin},
title = {There is No Now: Problems with simultaneity in distributed systems},
journal = {ACM Queue},
year = {2015},
volume = {13},
number = {3},
month = mar,
doi = {10.1145/2733108}
}

@article{Herlihy:1990jq,
author = {Herlihy, Maurice P and Wing, Jeannette M},
title = {Linearizability: A Correctness Condition for Concurrent Objects},
journal = {ACM Transactions on Programming Languages and Systems (TOPLAS)},
year = {1990},
volume = {12},
number = {3},
pages = {463--492},
month = jul,
doi = {10.1145/78969.78972}
}

%% http://lpd.epfl.ch/sgilbert/pubs/BrewersConjecture-SigAct.pdf
@article{Gilbert:2002il,
author = {Gilbert, Seth and Lynch, Nancy A},
title = {Brewer's Conjecture and the Feasibility of Consistent, Available, Partition-Tolerant Web Services},
journal = {ACM SIGACT News},
year = {2002},
volume = {33},
number = {2},
pages = {51--59},
doi = {10.1145/564585.564601}
}

%% http://research.microsoft.com/en-US/um/people/Lamport/pubs/time-clocks.pdf
@article{Lamport:1978jq,
author = {Lamport, Leslie},
title = {Time, clocks, and the ordering of events in a distributed system},
journal = {Communications of the ACM},
year = {1978},
volume = {21},
number = {7},
pages = {558--565},
month = jul,
doi = {10.1145/359545.359563}
}
